@article{Cranmer:2021gdt,
    author = "Cranmer, Kyle and Drnevich, Matthew and Macaluso, Sebastian and Pappadopulo, Duccio",
    title = "{Reframing Jet Physics with New Computational Methods}",
    eprint = "2105.10512",
    archivePrefix = "arXiv",
    primaryClass = "hep-ph",
    month = "5",
    year = "2021"
}

@article{Greenberg:2021nrg,
    author = "Greenberg, Craig S. and Macaluso, Sebastian and Monath, Nicholas and Dubey, Avinava and Flaherty, Patrick and Zaheer, Manzil and Ahmed, Amr and Cranmer, Kyle and Mccallum, Andrew",
    title = "{Exact and Approximate Hierarchical Clustering Using A*}",
    eprint = "2104.07061",
    archivePrefix = "arXiv",
    primaryClass = "cs.LG",
    month = "4",
    year = "2021"
}

@inproceedings{Brehmer:2020brs,
    author = "Brehmer, Johann and Macaluso, Sebastian and Pappadopulo, Duccio and Cranmer, Kyle",
    title = "{Hierarchical clustering in particle physics through reinforcement learning}",
    booktitle = "{34th Conference on Neural Information Processing Systems}",
    eprint = "2011.08191",
    archivePrefix = "arXiv",
    primaryClass = "cs.AI",
    month = "11",
    year = "2020"
}

@article{Greenberg:2020heb,
    author = "Greenberg, Craig S. and Macaluso, Sebastian and Monath, Nicholas and Lee, Ji-Ah and Flaherty, Patrick and Cranmer, Kyle and McGregor, Andrew and McCallum, Andrew",
    title = "{Data Structures \& Algorithms for Exact Inference in Hierarchical Clustering}",
    eprint = "2002.11661",
    archivePrefix = "arXiv",
    primaryClass = "cs.DS",
    month = "2",
    year = "2020"
}